% This is annote.bib
% Author: Ayman Ammoura
% A demo for CMPUT 603 Fall 2002.
% The order of the following entries is irrelevant. They will be sorted according to the
% bibliography style used.
%%%%%%%%%%%%%%%%%%%%%%%%%%%%%%%%%%%%%%%%%%%%%%%%%%%%%%%%%%%%%%%%%%%%%%%%%%%%%%%%%%%%%%%%%

